
@article{allen2010,
	title = {Call of the wild: antibiotic resistance genes in natural environments},
	author = {{Allen}, {Heather K.} and {Donato}, {Justin} and {Wang}, {Helena Huimi} and {Cloud-Hansen}, {Karen A.} and {Davies}, {Julian} and {Handelsman}, {Jo}},
	year = {2010},
	month = {03},
	date = {2010-03-01},
	journal = {Nature Reviews Microbiology},
	pages = {251--259},
	volume = {8},
	number = {4},
	doi = {10.1038/nrmicro2312},
	url = {http://dx.doi.org/10.1038/nrmicro2312},
	langid = {en}
}

@article{cadena2018,
	title = {Tetracycline and Sulfonamide Antibiotic Resistance Genes in Soils From Nebraska Organic Farming Operations},
	author = {{Cadena}, {Marlynn} and {Durso}, {Lisa M.} and {Miller}, {Daniel N.} and {Waldrip}, {Heidi M.} and {Castleberry}, {B. L.} and {Drijber}, {Rhae A.} and {Wortmann}, {Charles}},
	year = {2018},
	month = {06},
	date = {2018-06-28},
	journal = {Frontiers in Microbiology},
	volume = {9},
	doi = {10.3389/fmicb.2018.01283},
	url = {http://dx.doi.org/10.3389/fmicb.2018.01283}
}

@article{kuzyakov2015,
	title = {Microbial hotspots and hot moments in soil: Concept & review},
	author = {{Kuzyakov}, {Yakov} and {Blagodatskaya}, {Evgenia}},
	year = {2015},
	month = {04},
	date = {2015-04},
	journal = {Soil Biology and Biochemistry},
	pages = {184--199},
	volume = {83},
	doi = {10.1016/j.soilbio.2015.01.025},
	url = {http://dx.doi.org/10.1016/j.soilbio.2015.01.025},
	langid = {en}
}



@article{allison2005,
	title = {Changes in Soil Microbial Community Structure in a Tallgrass Prairie Chronosequence},
	author = {{Allison}, {Victoria J.} and {Miller}, {R. Michael} and {Jastrow}, {Julie D.} and {Matamala}, {Roser} and {Zak}, {Donald R.}},
	year = {2005},
	month = {09},
	date = {2005-09},
	journal = {Soil Science Society of America Journal},
	pages = {1412--1421},
	volume = {69},
	number = {5},
	doi = {10.2136/sssaj2004.0252},
	url = {http://dx.doi.org/10.2136/sssaj2004.0252},
	langid = {en}
}
